<marc:record xmlns:marc="http://www.loc.gov/MARC21/slim" xmlns:xsi="http://www.w3.org/2001/XMLSchema-instance" xsi:schemaLocation="http://www.loc.gov/MARC21/slim http://www.loc.gov/standards/marcxml/schema/MARC21slim.xsd">
  <marc:leader>     cam a22003491a 4500</marc:leader>
  <marc:controlfield tag="001">001696911</marc:controlfield>
  <marc:controlfield tag="003">NNU</marc:controlfield>
  <marc:controlfield tag="005">20061010171110.0</marc:controlfield>
  <marc:controlfield tag="008">010122s1949    le h     b    001 0 ara d</marc:controlfield>
  <marc:datafield tag="010" ind1=" " ind2=" ">
    <marc:subfield code="a">59542540</marc:subfield>
  </marc:datafield>
  <marc:datafield tag="035" ind1="9" ind2=" ">
    <marc:subfield code="a">NYUb12243948</marc:subfield>
  </marc:datafield>
  <marc:datafield tag="035" ind1=" " ind2=" ">
    <marc:subfield code="a">(CStRLIN)NYUG01-B388</marc:subfield>
  </marc:datafield>
  <marc:datafield tag="040" ind1=" " ind2=" ">
    <marc:subfield code="a">MH</marc:subfield>
    <marc:subfield code="c">MH</marc:subfield>
    <marc:subfield code="d">CStRLIN</marc:subfield>
    <marc:subfield code="d">CtY</marc:subfield>
    <marc:subfield code="d">NNU</marc:subfield>
  </marc:datafield>
  <marc:datafield tag="066" ind1=" " ind2=" ">
    <marc:subfield code="c">(3</marc:subfield>
  </marc:datafield>
  <marc:datafield tag="090" ind1=" " ind2=" ">
    <marc:subfield code="a">PJ7765</marc:subfield>
    <marc:subfield code="b">.N5 1949</marc:subfield>
  </marc:datafield>
  <marc:datafield tag="100" ind1="0" ind2=" ">
    <marc:subfield code="a">Niqūlā ibn Yūsuf al-Turk,</marc:subfield>
    <marc:subfield code="d">1763-1828</marc:subfield>
    <marc:subfield code="6">01</marc:subfield>
  </marc:datafield>
  <marc:datafield tag="100" ind1="1" ind2=" ">
    <marc:subfield code="6">01</marc:subfield>
    <marc:subfield code="a">ترك، نيقولا.</marc:subfield>
  </marc:datafield>
  <marc:datafield tag="240" ind1="1" ind2="0">
    <marc:subfield code="6">02</marc:subfield>
    <marc:subfield code="a">Poems</marc:subfield>
  </marc:datafield>
  <marc:datafield tag="240" ind1="1" ind2="0">
    <marc:subfield code="6">02</marc:subfield>
    <marc:subfield code="a">أشعار</marc:subfield>
  </marc:datafield>
  <marc:datafield tag="245" ind1="1" ind2="0">
    <marc:subfield code="6">03</marc:subfield>
    <marc:subfield code="a">Dīwān al-Muʻallim Niqūlā al-Turk /</marc:subfield>
    <marc:subfield code="c">ḍabata nuṣūṣuh wa-waḍaʻa muqaddimatuh wa-fahārisahu Fuʼād Afrām al-Bustānī.</marc:subfield>
  </marc:datafield>
  <marc:datafield tag="245" ind1="1" ind2="0">
    <marc:subfield code="6">03</marc:subfield>
    <marc:subfield code="a">ديوان المعلم نقولا الترك /</marc:subfield>
    <marc:subfield code="c">ضبط نصوصه ووضع مقدمته وفهارسه فؤاد أفرام البستاني.</marc:subfield>
  </marc:datafield>
  <marc:datafield tag="246" ind1="1" ind2="5">
    <marc:subfield code="a">Diwan de Nicholas at-Turk</marc:subfield>
  </marc:datafield>
  <marc:datafield tag="260" ind1=" " ind2=" ">
    <marc:subfield code="6">04</marc:subfield>
    <marc:subfield code="a">Bayrūt :</marc:subfield>
    <marc:subfield code="b">al-Maṭbaʻah a-Kāthūlīkīyah,</marc:subfield>
    <marc:subfield code="c">1949.</marc:subfield>
  </marc:datafield>
  <marc:datafield tag="260" ind1=" " ind2=" ">
    <marc:subfield code="6">04</marc:subfield>
    <marc:subfield code="a">بيروت :</marc:subfield>
    <marc:subfield code="b">المطبعة الكاثوليكية،</marc:subfield>
    <marc:subfield code="c">١٩٤٩.</marc:subfield>
  </marc:datafield>
  <marc:datafield tag="300" ind1=" " ind2=" ">
    <marc:subfield code="a">16, 488, viii p. :</marc:subfield>
    <marc:subfield code="b">facsims. ;</marc:subfield>
    <marc:subfield code="c">25 cm.</marc:subfield>
  </marc:datafield>
  <marc:datafield tag="490" ind1="1" ind2=" ">
    <marc:subfield code="6">05</marc:subfield>
    <marc:subfield code="a">Nuṣūṣ wa-wathāʼiq tārīkhīyah ;</marc:subfield>
    <marc:subfield code="v">1</marc:subfield>
  </marc:datafield>
  <marc:datafield tag="490" ind1="1" ind2=" ">
    <marc:subfield code="6">05</marc:subfield>
    <marc:subfield code="a">نصوص ووثائق تاريخية ؛</marc:subfield>
    <marc:subfield code="v">١</marc:subfield>
  </marc:datafield>
  <marc:datafield tag="500" ind1=" " ind2=" ">
    <marc:subfield code="a">Title on added t.p.: Diwan de Nicholas at-Turk, Texte inedit publié avec notes, introduction et tables par Fouad E. Boustany.</marc:subfield>
  </marc:datafield>
  <marc:datafield tag="504" ind1=" " ind2=" ">
    <marc:subfield code="a">Includes bibliographical references and indexes.</marc:subfield>
  </marc:datafield>
  <marc:datafield tag="700" ind1="1" ind2=" ">
    <marc:subfield code="a">Bustānī, Fuʼād Afrām</marc:subfield>
    <marc:subfield code="6">06</marc:subfield>
  </marc:datafield>
  <marc:datafield tag="700" ind1="1" ind2=" ">
    <marc:subfield code="6">06</marc:subfield>
    <marc:subfield code="a">بستاني، فؤاد أفرام.</marc:subfield>
  </marc:datafield>
  <marc:datafield tag="810" ind1="1" ind2=" ">
    <marc:subfield code="a">Lebanon.</marc:subfield>
    <marc:subfield code="b">Mudīrīyat al-Āthār.</marc:subfield>
    <marc:subfield code="t">Nuṣūṣ wa-wathāʼiq tārīkhīyah ;</marc:subfield>
    <marc:subfield code="v">1.</marc:subfield>
  </marc:datafield>
  <marc:datafield tag="998" ind1=" " ind2=" ">
    <marc:subfield code="a">20010122</marc:subfield>
    <marc:subfield code="d">20010122</marc:subfield>
    <marc:subfield code="n">NNU</marc:subfield>
    <marc:subfield code="s">1</marc:subfield>
    <marc:subfield code="t">c</marc:subfield>
    <marc:subfield code="z">p</marc:subfield>
  </marc:datafield>
</marc:record>
